
@online{acm-artifact-badging-v1_1,
  author       = {{Association for Computing Machinery}},
  title        = {Artifact Review and Badging â€” Current},
  year         = {2020},
  month        = aug,
  url          = {https://www.acm.org/publications/policies/artifact-review-and-badging-current},
  note         = {Version 1.1},
  urldate      = {2025-09-29}
}

@article{DBLP:journals/cacm/KrishnamurthiV15,
  author       = {Shriram Krishnamurthi and
                  Jan Vitek},
  title        = {The real software crisis: repeatability as a core value},
  journal      = {Commun. {ACM}},
  volume       = {58},
  number       = {3},
  pages        = {34--36},
  year         = {2015},
  url          = {https://doi.org/10.1145/2658987},
  doi          = {10.1145/2658987},
  timestamp    = {Tue, 21 Mar 2023 21:08:11 +0100},
  biburl       = {https://dblp.org/rec/journals/cacm/KrishnamurthiV15.bib},
  bibsource    = {dblp computer science bibliography, https://dblp.org}
}

@inproceedings{DBLP:conf/sigsoft/Hermann0S20,
  author       = {Ben Hermann and
                  Stefan Winter and
                  Janet Siegmund},
  editor       = {Prem Devanbu and
                  Myra B. Cohen and
                  Thomas Zimmermann},
  title        = {Community expectations for research artifacts and evaluation processes},
  booktitle    = {{ESEC/FSE} '20: 28th {ACM} Joint European Software Engineering Conference
                  and Symposium on the Foundations of Software Engineering, Virtual
                  Event, USA, November 8-13, 2020},
  pages        = {469--480},
  publisher    = {{ACM}},
  year         = {2020},
  url          = {https://doi.org/10.1145/3368089.3409767},
  doi          = {10.1145/3368089.3409767},
  timestamp    = {Tue, 29 Oct 2024 13:02:11 +0100},
  biburl       = {https://dblp.org/rec/conf/sigsoft/Hermann0S20.bib},
  bibsource    = {dblp computer science bibliography, https://dblp.org}
}

@article{DBLP:journals/ieeesp/Hermann22,
  author       = {Ben Hermann},
  title        = {What Has Artifact Evaluation Ever Done for Us?},
  journal      = {{IEEE} Secur. Priv.},
  volume       = {20},
  number       = {5},
  pages        = {96--99},
  year         = {2022},
  url          = {https://doi.org/10.1109/MSEC.2022.3184234},
  doi          = {10.1109/MSEC.2022.3184234},
  timestamp    = {Tue, 29 Oct 2024 13:02:12 +0100},
  biburl       = {https://dblp.org/rec/journals/ieeesp/Hermann22.bib},
  bibsource    = {dblp computer science bibliography, https://dblp.org}
}

@inproceedings{DBLP:conf/se/0001T0C0H024,
  author       = {Stefan Winter and
                  Christopher Steven Timperley and
                  Ben Hermann and
                  J{\"{u}}rgen Cito and
                  Jonathan Bell and
                  Michael Hilton and
                  Dirk Beyer},
  editor       = {Rick Rabiser and
                  Manuel Wimmer and
                  Iris Groher and
                  Andreas Wortmann and
                  Bianca Wiesmayr},
  title        = {A Retrospective Study of one Decade of Artifact Evaluations},
  booktitle    = {Software Engineering 2024, Fachtagung des GI-Fachbereichs Softwaretechnik,
                  Linz, Austria, February 26 - March 1, 2024},
  series       = {{LNI}},
  volume       = {{P-343}},
  pages        = {95--96},
  publisher    = {Gesellschaft f{\"{u}}r Informatik e.V.},
  year         = {2024},
  url          = {https://doi.org/10.18420/sw2024\_28},
  doi          = {10.18420/SW2024\_28},
  timestamp    = {Tue, 29 Oct 2024 13:02:11 +0100},
  biburl       = {https://dblp.org/rec/conf/se/0001T0C0H024.bib},
  bibsource    = {dblp computer science bibliography, https://dblp.org}
}

@article{DBLP:journals/ese/HeumullerNKO20,
  author       = {Robert Heum{\"{u}}ller and
                  Sebastian Nielebock and
                  Jacob Kr{\"{u}}ger and
                  Frank Ortmeier},
  title        = {Publish or perish, but do not forget your software artifacts},
  journal      = {Empir. Softw. Eng.},
  volume       = {25},
  number       = {6},
  pages        = {4585--4616},
  year         = {2020},
  url          = {https://doi.org/10.1007/s10664-020-09851-6},
  doi          = {10.1007/S10664-020-09851-6},
  timestamp    = {Fri, 14 May 2021 08:33:21 +0200},
  biburl       = {https://dblp.org/rec/journals/ese/HeumullerNKO20.bib},
  bibsource    = {dblp computer science bibliography, https://dblp.org}
}

@inproceedings{DBLP:conf/emnlp/BoginYG0BCSK24,
  author       = {Ben Bogin and
                  Kejuan Yang and
                  Shashank Gupta and
                  Kyle Richardson and
                  Erin Bransom and
                  Peter Clark and
                  Ashish Sabharwal and
                  Tushar Khot},
  editor       = {Yaser Al{-}Onaizan and
                  Mohit Bansal and
                  Yun{-}Nung Chen},
  title        = {{SUPER:} Evaluating Agents on Setting Up and Executing Tasks from
                  Research Repositories},
  booktitle    = {Proceedings of the 2024 Conference on Empirical Methods in Natural
                  Language Processing, {EMNLP} 2024, Miami, FL, USA, November 12-16,
                  2024},
  pages        = {12622--12645},
  publisher    = {Association for Computational Linguistics},
  year         = {2024},
  url          = {https://doi.org/10.18653/v1/2024.emnlp-main.702},
  doi          = {10.18653/V1/2024.EMNLP-MAIN.702},
  timestamp    = {Sat, 06 Sep 2025 20:31:22 +0200},
  biburl       = {https://dblp.org/rec/conf/emnlp/BoginYG0BCSK24.bib},
  bibsource    = {dblp computer science bibliography, https://dblp.org}
}

@article{DBLP:journals/tmlr/SiegelKNSN24,
  author       = {Zachary S. Siegel and
                  Sayash Kapoor and
                  Nitya Nadgir and
                  Benedikt Stroebl and
                  Arvind Narayanan},
  title        = {CORE-Bench: Fostering the Credibility of Published Research Through
                  a Computational Reproducibility Agent Benchmark},
  journal      = {Trans. Mach. Learn. Res.},
  volume       = {2024},
  year         = {2024},
  url          = {https://openreview.net/forum?id=BsMMc4MEGS},
  timestamp    = {Tue, 17 Jun 2025 16:05:44 +0200},
  biburl       = {https://dblp.org/rec/journals/tmlr/SiegelKNSN24.bib},
  bibsource    = {dblp computer science bibliography, https://dblp.org}
}

@inproceedings{DBLP:conf/acl/HuZLWPK25,
  author       = {Chuxuan Hu and
                  Liyun Zhang and
                  Yeji Lim and
                  Aum Wadhwani and
                  Austin Peters and
                  Daniel Kang},
  editor       = {Wanxiang Che and
                  Joyce Nabende and
                  Ekaterina Shutova and
                  Mohammad Taher Pilehvar},
  title        = {REPRO-Bench: Can Agentic {AI} Systems Assess the Reproducibility of
                  Social Science Research?},
  booktitle    = {Findings of the Association for Computational Linguistics, {ACL} 2025,
                  Vienna, Austria, July 27 - August 1, 2025},
  pages        = {23616--23626},
  publisher    = {Association for Computational Linguistics},
  year         = {2025},
  url          = {https://aclanthology.org/2025.findings-acl.1210/},
  timestamp    = {Mon, 28 Jul 2025 15:13:54 +0200},
  biburl       = {https://dblp.org/rec/conf/acl/HuZLWPK25.bib},
  bibsource    = {dblp computer science bibliography, https://dblp.org}
}